{1:F01KNABNL2HAXXX0000000000}{2:I940KNABNL2HXXXXN3020}{4:
:20:B4E08MS9D00A0009
:25:123456789
:28C:998/1
:60F:C140507EUR0,
:61:1405070507C500,NTRFNONREF//B4E07XM00J000023
:86: /XXXX//100924006010 XXXXXXXXXXXXX XXXXXXXX XXXXXX AB (PUBL)
 /ORDP/XXXXXXXXXXXXX XXXXXXXX BANKEN AB (PUBL) (FORMER: SXB A
 /REMI/XXXXXXXXXXX OUR REF: 03MT181012182288
YOUR REF: 181012671        M CA O/XXXXDK22
BIC:XXXXDK22
:62F:C140508EUR500,
-}{5:{MAC:ABCDEFG}}
{1:F01KNABNL2HAXXX0000000000}{2:I940KNABNL2HXXXXN3020}{4:
:20:B4G30MS9D00A003D
:25:123456789
:28C:999/1
:60F:C140729EUR3058,98
:61:1407290729D2760,NTRFNONREF//B4G29PGCVO7Q06US
/OCMT/EUR10,00/
:86: /XXXX//100924006010 XXXXXXXXXXXXX XXXXXXXX XXXXXX AB (PUBL)
 /ORDP/XX XXXXXX XXXXX XXXX N.A.25 XXXX XXXXX, CANARY WHARF
 /REMI/UBERWEISUNG OUR REF: 03MT181024144353
YOUR REF: P6363103 240 1   M CA O/XXXXGB2L
/ACC/INST/XXXXGB2L         /6231400604
BIC:XXXXGB2L
:61:1407290729C500NTRF29-07-2014 10:05//B4G29PGDCK1QFV3E
:86:12160475 0050001631430920 ORDERID: 264267 MEDIA MARKT ONLINE NE
REK: NL84INGB0234561789/NAAM: MMS ONLINE NEDERLAND B.V.
:62F:C140730EUR798,98
-}{5:{MAC:12345678}{CHK:123456789ABC}}
